<?xml version="1.0" encoding="UTF-8"?><record xmlns="http://www.loc.gov/MARC21/slim" xmlns:cinclude="http://apache.org/cocoon/include/1.0" xmlns:zs="http://www.loc.gov/zing/srw/">
  <leader>00681cz  a2200169n  4500</leader>
  <controlfield tag="001">no 98077979 </controlfield>
  <controlfield tag="003">DLC</controlfield>
  <controlfield tag="005">20050923062116.0</controlfield>
  <controlfield tag="008">980410n| acannaabn          |a aaa     c</controlfield>
  <datafield tag="010" ind1=" " ind2=" ">
    <subfield code="a">no 98077979 </subfield>
  </datafield>
  <datafield tag="035" ind1=" " ind2=" ">
    <subfield code="a">(OCoLC)oca04704023</subfield>
  </datafield>
  <datafield tag="040" ind1=" " ind2=" ">
    <subfield code="a">TxDa</subfield>
    <subfield code="b">eng</subfield>
    <subfield code="c">TxDa</subfield>
    <subfield code="d">InU</subfield>
  </datafield>
  <datafield tag="100" ind1="1" ind2=" ">
    <subfield code="a">Price, Maggie,</subfield>
    <subfield code="d">1951-</subfield>
  </datafield>
  <datafield tag="400" ind1="1" ind2=" ">
    <subfield code="a">Price, Margaret,</subfield>
    <subfield code="d">1951-</subfield>
  </datafield>
  <datafield tag="667" ind1=" " ind2=" ">
    <subfield code="a">Birth date added to distinguish her from Price, Maggie, the editor of "Resounding Spirit", 2004.</subfield>
  </datafield>
  <datafield tag="670" ind1=" " ind2=" ">
    <subfield code="a">Her Prime suspect, c1997:</subfield>
    <subfield code="b">t.p. (Maggie Price) t.p. verso (copyr., Margaret Price) p. 5 (was a civilian crime analyst for Okla. City Police Dept.)</subfield>
  </datafield>
  <datafield tag="670" ind1=" " ind2=" ">
    <subfield code="a">E-mail from the author, Sept. 22, 2005</subfield>
    <subfield code="b">(b. 1951;  novelist)</subfield>
  </datafield>
</record>